% Encoding: UTF-8

@Book{beginnersguided365,
  author = {Lars Dragheim Olsen, Satish Thomas, Michael Fruergaard Pontoppidan},
  title  = {A Beginners Guide to Dynamics 365 for Operations},
  year   = {2009},
}

@Article{historyd365,
  author  = {Nicola Wright},
  title   = {History on ms dynamics},
  journal = {https://www.nigelfrank.com/blog/a-brief-history-of-microsoft-dynamics/},
  year    = {2018},
}

@Article{cloudfirstmobilefirstemerset,
  author  = {Jan Dawson},
  title   = {What Does Cloud-First, Mobile-First Mean for Microsoft?},
  journal = {https://techpinions.com/what-does-cloud-first-mobile-first-mean-for-microsoft/33496},
  year    = {2014},
}

@Article{cloudfirstmobilefirstazure,
  author  = {Mikkel Riis},
  title   = {Cloud first, mobile first microsoft moves to a fully wireless network ?},
  journal = {https://azure.microsoft.com/it-it/blog/cloud-first-mobile-first-microsoft-moves-to-a-fully-wireless-network/},
  year    = {2016},
}

@Article{satyanadellalinkedin,
  author  = {Satya Nadella},
  title   = {Reinventing Business Processes},
  journal = {https://www.linkedin.com/pulse/reinventing-business-processes-satya-nadella},
  year    = {2016},
}

@Book{turingtest,
  author = {James H. Moor},
  title  = {The Turing Test: The Elusive Standard of Artificial Intelligence},
  year   = {2012},
}

@Book{internetafterlife,
  author = {Kevin O'Neill},
  title  = {Internet Afterlife: Virtual Salvation in the 21st Century},
  date   = {2016},
}

@Article{introductionnlp,
  author  = {George Seif},
  title   = {An easy introduction to Natural Language Processing},
  journal = {https://towardsdatascience.com/an-easy-introduction-to-natural-language-processing-b1e2801291c1},
  year    = {2018},
}

@Online{botframework,
  author = {Microsoft},
  title  = {Microsoft Bot Framework},
  date   = {2019},
  url    = {https://dev.botframework.com/
},
}

@Online{botframeworkdeltan,
  author = {delta-n},
  title  = {bots maken met het microsoft bot framework},
  year   = {2019},
  url    = {https://www.delta-n.nl/bots-maken-met-het-microsoft-bot-framework/
},
}

@Book{buildbetterbots,
  author = {Rashid Khan},
  title  = {Build Better Chatbots: A Complete Guide to Getting Started with Chatbots},
  year   = {2017},
}

@Book{voicecomputing,
  author = {James Vlahos},
  title  = {Talk to Me: How Voice Computing Will Transform the Way We Live, Work, and Think},
  date   = {2019},
}

@Book{eliza,
  author = {Joseph Weizenbaum},
  title  = {ELIZA - a computer program for the study of natural language communication between man and machine},
  year   = {1966},
}

@Book{dale2016,
  author = {Robart Dale},
  title  = {The return of the chatbots},
  year   = {2016},
}

@Online{botfinderio,
  author = {botfinderio},
  title  = {botfinder io},
  year   = {2019},
  url    = {https://botfinder.io/},
}

@Online{line2019,
  author = {Line},
  title  = {Line developers community - bot list},
  year   = {2019},
  url    = {https://www.line-community.me/},
}

@Online{azureqna,
  author = {Microsoft Azure},
  title  = {Use QnA Maker to answer questions},
  year   = {2019},
  url    = {https://docs.microsoft.com/en-us/azure/bot-service/bot-builder-howto-qna?view=azure-bot-service-4.0&tabs=cs},
}

@Article{timextender,
  author  = {TimeXtender},
  title   = {Manual data input equals errors and wasted time},
  journal = {http://blog.timextender.com/manual-data-input-equals-errors-and-wasted-time},
  year    = {2019},
}

@Book{cohnuserstories,
  author = {Mike Cohn},
  title  = {User Stories Applied: For Agile Software Development},
  year   = {2004},
}

@Book{hillerp,
  author = {Tata McGraw-Hill},
  title  = {Enterprise Resource Planning},
  year   = {2011},
}

@Article{delawaremsgold,
  author  = {Delaware},
  title   = {Delaware Consulting en Microsoft â€“ een sterk partnership},
  journal = {https://www.delaware.pro/nl-nl/discover/news/a-strong-partnership-at-the-service-of-our-customers},
  year    = {2009},
}

@Comment{jabref-meta: databaseType:biblatex;}
